<?xml version="1.0" encoding="UTF-8"?><collection xmlns="http://www.loc.gov/MARC21/slim"><record><leader>00368nam--2200145-i-4500</leader><controlfield tag="001">000002891</controlfield><controlfield tag="002">20161230</controlfield><controlfield tag="005">20170114162344</controlfield><controlfield tag="008">060222s1000------------r-----000-0-eng-d</controlfield><datafield ind1=" " ind2=" " tag="100"><subfield code="a">Bethe, Hans A</subfield></datafield><datafield ind1=" " ind2=" " tag="245"><subfield code="a">Mesons and fields. vol.II: Mesons</subfield></datafield><datafield ind1=" " ind2=" " tag="260"><subfield code="a">New York</subfield><subfield code="b">Peterson</subfield><subfield code="c">1955</subfield></datafield><datafield ind1=" " ind2=" " tag="700"><subfield code="a">De Hoffmann, Frederic</subfield></datafield><datafield ind1=" " ind2=" " tag="852"><subfield code="a">10763</subfield></datafield><datafield ind1=" " ind2=" " tag="CAT"><subfield code="a">SYS</subfield><subfield code="c">20170114</subfield><subfield code="h">162344</subfield></datafield></record></collection>